@article{Breiman2001,
author = {Leo Breiman},
title = {Statistical Modeling: The Two Cultures (with comments and a rejoinder by the author)},
volume = {16},
journal = {Statistical Science},
number = {3},
publisher = {Institute of Mathematical Statistics},
pages = {199-231},
year = {2001},
doi = {10.1214/ss/1009213726},
URL = {https://doi.org/10.1214/ss/1009213726}
}

@book{Hastie2009,
title={{The Elements of Statistical Learning. Data Mining, Inference, and Prediction, Second Edition}},
author={Hastie, Trevor and Tibshirani, Robert and Friedman, Jerome},
publisher = {Springer-Verlag, New York},
year = {2009},
edition = {Second},
isbn = {978-0-387-84857-0},
doi = {10.1007/978-0-387-84858-7},
url = {https://link.springer.com/book/10.1007/978-0-387-84858-7}
}

@article{Mooney2016,
author = {Mooney, Kathleen M. and Morgan, Amy E. and Mc Auley, Mark T.},
title = {Aging and computational systems biology},
journal = {WIREs Systems Biology and Medicine},
volume = {8},
number = {2},
pages = {123-139},
doi = {https://doi.org/10.1002/wsbm.1328},
url = {https://wires.onlinelibrary.wiley.com/doi/abs/10.1002/wsbm.1328},
eprint = {https://wires.onlinelibrary.wiley.com/doi/pdf/10.1002/wsbm.1328},
year = {2016}
}

@book{Nylen2013,
title = {Neural Data Science},
author = {Erik Lee Nylen and Pascal Wallisch},
publisher = {Academic Press},
year = {2017},
isbn = {978-0-12-804043-0},
doi = {https://doi.org/10.1016/B978-0-12-804043-0.00001-5},
url = {https://www.sciencedirect.com/science/article/pii/B9780128040430000015},
keywords = {Neuroscience, data science, neural data science, data, Platoâ€™s cave, information, Python, MATLAB, coding, computational neuroscience}
}

@article{Samual1959,
author={Samuel, A. L.},
journal={IBM Journal of Research and Development},
title={Some Studies in Machine Learning Using the Game of Checkers},
year={1959},
volume={3},
number={3},
pages={210-229},
doi={10.1147/rd.33.0210}}